<?xml version="1.0" encoding="UTF-8"?><collection xmlns="http://www.loc.gov/MARC21/slim"><record><leader>00447nam--2200145-i-4500</leader><controlfield tag="001">000017077</controlfield><controlfield tag="002">20161230</controlfield><controlfield tag="005">20161230201032</controlfield><controlfield tag="008">060222s1000------------r-----000-0-eng-d</controlfield><datafield ind1=" " ind2=" " tag="080"><subfield code="a">550.8</subfield></datafield><datafield ind1=" " ind2=" " tag="100"><subfield code="a">Cid Palacios, R.And Lana-renault, Y</subfield></datafield><datafield ind1=" " ind2=" " tag="245"><subfield code="a">On the problem of the internal constitution of the earth</subfield></datafield><datafield ind1=" " ind2=" " tag="260"><subfield code="a">Zaragoza, Departamento De Fisica Teorica, 1991 158 P</subfield></datafield><datafield ind1=" " ind2=" " tag="490"><subfield code="a">Monografias De La Academia De Ciancias,Nr.4</subfield></datafield><datafield ind1=" " ind2=" " tag="852"><subfield code="a">79931</subfield></datafield></record></collection>